<record><leader>00000cas a22000007a 4500</leader><controlfield tag="001">23593553</controlfield><controlfield tag="008">910423d19181920couwr ne      0    0eng d</controlfield><datafield ind1=" " ind2=" " tag="010"><subfield code="a">sn 91052525 </subfield></datafield><datafield ind1=" " ind2=" " tag="040"><subfield code="a">CNQ</subfield><subfield code="b">eng</subfield><subfield code="c">CNQ</subfield><subfield code="d">OCLCQ</subfield></datafield><datafield ind1=" " ind2=" " tag="042"><subfield code="a">msc</subfield></datafield><datafield ind1="0" ind2=" " tag="130"><subfield code="a">Fort Collins express (Fort Collins, Colo. : 1918 : Weekly)</subfield></datafield><datafield ind1="1" ind2="4" tag="245"><subfield code="a">The Fort Collins express.</subfield></datafield><datafield ind1=" " ind2=" " tag="260"><subfield code="a">Fort Collins, Larimer County, Colo. :</subfield><subfield code="b">McCormick Bros.</subfield></datafield><datafield ind1=" " ind2=" " tag="300"><subfield code="a">v.</subfield></datafield><datafield ind1=" " ind2=" " tag="310"><subfield code="a">Weekly</subfield></datafield><datafield ind1="1" ind2=" " tag="362"><subfield code="a">Began in Oct. 1918? Ceased in 1920?</subfield></datafield><datafield ind1=" " ind2=" " tag="580"><subfield code="a">Daily ed.: Fort Collins express (Fort Collins, Colo. : 1916 : Daily).</subfield></datafield><datafield ind1=" " ind2=" " tag="580"><subfield code="a">Merged with: Larimer County democrat, and: Weekly Courier (Fort Collins, Colo.), to form: Larimer County independent.</subfield></datafield><datafield ind1=" " ind2=" " tag="588"><subfield code="a">Description based on: Vol. 45, no. 135 (Nov. 6, 1918).</subfield></datafield><datafield ind1=" " ind2=" " tag="752"><subfield code="a">United States</subfield><subfield code="b">Colorado</subfield><subfield code="c">Larimer</subfield><subfield code="d">Fort Collins.</subfield></datafield><datafield ind1="1" ind2=" " tag="775"><subfield code="t">Fort Collins express (Fort Collins, Colo. : 1916 : Daily)</subfield><subfield code="w">(DLC)sn 91052215</subfield></datafield><datafield ind1="0" ind2="0" tag="780"><subfield code="t">Fort Collins express-review</subfield><subfield code="w">(DLC)sn 91052214</subfield></datafield><datafield ind1="1" ind2="7" tag="785"><subfield code="t">Larimer County democrat</subfield><subfield code="w">(DLC)sn 91052221</subfield></datafield><datafield ind1="1" ind2="7" tag="785"><subfield code="t">Weekly Courier (Fort Collins, Colo.)</subfield><subfield code="w">(DLC)sn 90051609</subfield></datafield><datafield ind1="1" ind2="7" tag="785"><subfield code="t">Larimer County independent</subfield><subfield code="w">(DLC)sn 91052128</subfield></datafield></record>